<?xml version="1.0" encoding="UTF-8"?>
  <record xmlns="http://www.loc.gov/MARC21/slim" type="Authority">
    <leader>00000nz  a2200000nc 4500</leader>
    <controlfield tag="001">1054650985</controlfield>
    <controlfield tag="003">DE-101</controlfield>
    <controlfield tag="005">20150302091834.0</controlfield>
    <controlfield tag="008">140805n||aznnnaabn           | aaa    |c</controlfield>
    <datafield tag="024" ind1="7" ind2=" ">
      <subfield code="a">1054650985</subfield>
      <subfield code="0">http://d-nb.info/gnd/1054650985</subfield>
      <subfield code="2">gnd</subfield>
    </datafield>
    <datafield tag="035" ind1=" " ind2=" ">
      <subfield code="a">(DE-101)1054650985</subfield>
    </datafield>
    <datafield tag="035" ind1=" " ind2=" ">
      <subfield code="a">(DE-588)1054650985</subfield>
    </datafield>
    <datafield tag="040" ind1=" " ind2=" ">
      <subfield code="a">DE-23</subfield>
      <subfield code="c">DE-23</subfield>
      <subfield code="9">r:DE-601</subfield>
      <subfield code="b">ger</subfield>
      <subfield code="d">1031</subfield>
      <subfield code="e">rakwb</subfield>
      <subfield code="f">rswk</subfield>
    </datafield>
    <datafield tag="042" ind1=" " ind2=" ">
      <subfield code="a">gnd1</subfield>
    </datafield>
    <datafield tag="043" ind1=" " ind2=" ">
      <subfield code="c">XA-DE</subfield>
    </datafield>
    <datafield tag="075" ind1=" " ind2=" ">
      <subfield code="b">p</subfield>
      <subfield code="2">gndgen</subfield>
    </datafield>
    <datafield tag="075" ind1=" " ind2=" ">
      <subfield code="b">pip</subfield>
      <subfield code="2">gndspec</subfield>
    </datafield>
    <datafield tag="079" ind1=" " ind2=" ">
      <subfield code="a">g</subfield>
      <subfield code="q">a</subfield>
      <subfield code="q">f</subfield>
      <subfield code="u">v</subfield>
    </datafield>
    <datafield tag="100" ind1="1" ind2=" ">
      <subfield code="a">Barbatius, Johannes</subfield>
    </datafield>
    <datafield tag="375" ind1=" " ind2=" ">
      <subfield code="a">1</subfield>
      <subfield code="2">iso5218</subfield>
    </datafield>
    <datafield tag="400" ind1="1" ind2=" ">
      <subfield code="a">Barbatius, Joannes</subfield>
    </datafield>
    <datafield tag="400" ind1="0" ind2=" ">
      <subfield code="a">Barbatius</subfield>
      <subfield code="c">Schönbart</subfield>
    </datafield>
    <datafield tag="400" ind1="0" ind2=" ">
      <subfield code="a">Barbatius Schönbart</subfield>
    </datafield>
    <datafield tag="400" ind1="0" ind2=" ">
      <subfield code="a">Johannes</subfield>
      <subfield code="c">Barbatius</subfield>
    </datafield>
    <datafield tag="400" ind1="0" ind2=" ">
      <subfield code="a">Joannes</subfield>
      <subfield code="c">Barbatius</subfield>
    </datafield>
    <datafield tag="400" ind1="1" ind2=" ">
      <subfield code="a">Schönbart, Barbatius</subfield>
    </datafield>
    <datafield tag="400" ind1="1" ind2=" ">
      <subfield code="a">Barbatius Barbarus, Johannes</subfield>
      <subfield code="9">v:falsche Namensform</subfield>
      <subfield code="9">v:Weller</subfield>
    </datafield>
    <datafield tag="548" ind1=" " ind2=" ">
      <subfield code="a">1614</subfield>
      <subfield code="4">datw</subfield>
      <subfield code="4">https://d-nb.info/standards/elementset/gnd#periodOfActivity</subfield>
      <subfield code="w">r</subfield>
      <subfield code="i">Wirkungsdaten</subfield>
    </datafield>
    <datafield tag="550" ind1=" " ind2=" ">
      <subfield code="a">Magister</subfield>
      <subfield code="4">akad</subfield>
      <subfield code="4">https://d-nb.info/standards/elementset/gnd#academicDegree</subfield>
      <subfield code="w">r</subfield>
      <subfield code="i">Akademischer Grad</subfield>
    </datafield>
    <datafield tag="667" ind1=" " ind2=" ">
      <subfield code="a">Fälschlich auch Balthasar Permoser (GND 118592769) zugeschrieben</subfield>
    </datafield>
    <datafield tag="667" ind1=" " ind2=" ">
      <subfield code="a">VD-17</subfield>
    </datafield>
    <datafield tag="672" ind1=" " ind2="0">
      <subfield code="a">Barbae Maiestas ... - 1614</subfield>
    </datafield>
    <datafield tag="672" ind1=" " ind2="0">
      <subfield code="a">Barbae maiestas : das ist: Ein schöner und außführlicher Real-Discurs von den Bärten. - 1644 [erschienen ca. 1700]</subfield>
    </datafield>
    <datafield tag="672" ind1=" " ind2="0">
      <subfield code="a">Barbae maiestas : das ist: Ein schöner und außführlicher Real-Discurs von den Bärten. - 1660 [erschienen ca. 1700]</subfield>
    </datafield>
    <datafield tag="678" ind1=" " ind2=" ">
      <subfield code="b">"Barbarum amator" bzw. "besonderer Liebhaber der Bärt"</subfield>
    </datafield>
    <datafield tag="912" ind1=" " ind2=" ">
      <subfield code="z">2014-12-22</subfield>
      <subfield code="b">a-DE-12-FE-chr e-xDE-605-Bla e-DE-1-VD17</subfield>
      <subfield code="a">Liebe Koll., in Ihren Katalogen/Verbünden ist der Titel "Barbae maiestas" teilweise fälschlich mit Balthasar Permoser (GND !118592769!) verknüpft, bitte an diesen Datensatz hier umhängen. Viele Grüße, Claudia Christel</subfield>
    </datafield>
    <datafield tag="912" ind1=" " ind2=" ">
      <subfield code="z">2015-01-05</subfield>
      <subfield code="b">e-xDE-12-FE-chr a-DE-605-Bla</subfield>
      <subfield code="a">Liebe Frau Christel, für hbz erledigt. Gesundes Neues Jahr! Karoline Blankenburg</subfield>
    </datafield>
  </record>
